@misc{website:openctm,
      author = "Marcus Geelnard",
      title = "Open{CTM} the Open Compressed Triangle Mesh file format",
      month = "November",
      year = "2014",
      url = "\url{http://openctm.sourceforge.net/}"
},

@misc{website:fits,
      author = "NASA",
      title = "The {FITS} Support Office",
      month = "November",
      year = "2014",
      url = "\url{http://fits.gsfc.nasa.gov/}",
   note = "[Online; accessed 18-November-2014]"
},

@misc{website:gzip,
      author = "Gailly, Jean-loup",
      title = "The {GZIP} home page",
      month = "November",
      year = "2014",
      url = "\url{http://www.gzip.org/}",
   note = "[Online; accessed 18-November-2014]"
},

@misc{website:irap,
      author = "IRAP",
      title = "{IRAP}",
      month = "November",
      year = "2014",
      url = "\url{http://www.irap.omp.eu/en}",
   note = "[Online; accessed 18-November-2014]"
},

@misc{website:7zip,
      author = "Pavlov, Igor",
      title = "7-{ZIP}",
      month = "November",
      year = "2014",
      url = "\url{http://www.7-zip.org/}",
   note = "[Online; accessed 18-November-2014]"
},

@misc{ wiki:rle,
   author = "Wikipedia",
   title = "Run-length encoding --- {Wikipedia}{,} The Free Encyclopedia",
   year = "2014",
   url = "\url{http://en.wikipedia.org/w/index.php?title=Run-length_encoding&oldid=624938313}",
   note = "[Online; accessed 28-January-2015]"
 },
 
@misc{website:rar,
      author = "Roshal, Alexander",
      title = "rarlab",
      month = "November",
      year = "2014",
      url = "\url{http://www.rarlab.com/}",
   note = "[Online; accessed 18-November-2014]"
},

 @misc{ wiki:gzip,
   author = "Wikipedia",
   title = "Gzip --- {Wikipedia}{,} The Free Encyclopedia",
   year = "2014",
   url = "\url{http://en.wikipedia.org/w/index.php?title=Gzip&oldid=635603891}",
   note = "[Online; accessed 17-December-2014]"
 },
 
 @misc{ wiki:octree,
   author = "Wikipedia",
   title = "Octree --- {Wikipedia}{,} The Free Encyclopedia",
   year = "2014",
   url = "\url{http://en.wikipedia.org/w/index.php?title=Octree&oldid=639712106}",
   note = "[Online; accessed 4-January-2015]"
 },
 
 @misc{ wiki:dct,
   author = "Wikipedia",
   title = "Discrete cosine transform --- {Wikipedia}{,} The Free Encyclopedia",
   year = "2014",
   url = "http://en.wikipedia.org/w/index.php?title=Discrete_cosine_transform&oldid=634200461",
   note = "[Online; accessed 18-November-2014]"
 },

@misc{ wiki:dct:jpeg,
   author = "Wikipedia",
   title = "{JPEG} --- {Wikipedia}{,} The Free Encyclopedia",
   year = "2014",
   url = "\url{http://en.wikipedia.org/w/index.php?title=JPEG&oldid=634208611#Discrete_cosine_transform}",
   note = "[Online; accessed 18-November-2014]"
 },
 
 
@misc{ wiki:ringing:artefacts,
   author = "Wikipedia",
   title = "Ringing artifacts --- {Wikipedia}{,} The Free Encyclopedia",
   year = "2014",
   url = "\url{http://en.wikipedia.org/w/index.php?title=Ringing_artifacts&oldid=618214155}",
   note = "[Online; accessed 23-December-2014]"
 },
 
 @misc{ wiki:npHard,
   author = "Wikipedia",
   title = "NP-hard --- {Wikipedia}{,} The Free Encyclopedia",
   year = "2015",
   url = "\url{http://en.wikipedia.org/w/index.php?title=NP-hard&oldid=644560465}",
   note = "[Online; accessed 29-January-2015]"
 },

@misc{ wiki:endianess,
   author = "Wikipedia",
   title = "Endianness --- {Wikipedia}{,} The Free Encyclopedia",
   year = "2014",
   url = "\url{http://en.wikipedia.org/w/index.php?title=Endianness&oldid=635311884}",
   note = "[Online; accessed 30-November-2014]"
 },
 
 @misc{ wiki:dccoeff,
   author = "Wikipedia",
   title = "{DC} bias --- {Wikipedia}{,} The Free Encyclopedia",
   year = "2014",
   url = "\url{http://en.wikipedia.org/w/index.php?title=DC_bias&oldid=637971493}",
   note = "[Online; accessed 4-February-2015]"
 },
 
@misc{ wiki:gauss:filter,
   author = "Wikipedia",
   title = "Gaussian filter ---{Wikipedia}{,} The Free Encyclopedia",
   year = "2014",
   url = "\url{http://en.wikipedia.org/w/index.php?title=Gaussian_filter&oldid=627566233}",
   note = "[Online; accessed 2-January-2015]"
 },
 
 @article{deutsch1996deflate,
  title="{DEFLATE} compressed data format specification version 1.3",
  author="Deutsch, L Peter",
  year={1996}
},


 
 
@inproceedings{ponomarenko2007between:psnr,
  title={On between-coefficient contrast masking of {DCT} basis functions},
  author={Ponomarenko, Nikolay and Silvestri, Flavia and Egiazarian, Karen and Carli, Marco and Astola, Jaakko and Lukin, Vladimir},
  booktitle={Proceedings of the Third International Workshop on Video Processing and Quality Metrics},
  volume={4},
  year={2007}
},

@article{abdi2010principal,
  title={Principal component analysis},
  author={Abdi, Herv{\'e} and Williams, Lynne J},
  journal={Wiley Interdisciplinary Reviews: Computational Statistics},
  volume={2},
  number={4},
  pages={433--459},
  year={2010},
  publisher={Wiley Online Library}
},
@inproceedings{schnabel2006octree,
  title={Octree-based Point-Cloud Compression.},
  author={Schnabel, Ruwen and Klein, Reinhard},
  booktitle={SPBG},
  pages={111--120},
  year={2006}
},

@article{ziv1977universal,
  title={A universal algorithm for sequential data compression},
  author={Ziv, Jacob and Lempel, Abraham},
  journal={IEEE Transactions on information theory},
  volume={23},
  number={3},
  pages={337--343},
  year={1977}
},

@inproceedings{ratanaworabhan2006fast,
  title={Fast lossless compression of scientific floating-point data},
  author={Ratanaworabhan, Paruj and Ke, Jian and Burtscher, Martin},
  booktitle={Data Compression Conference, 2006. DCC 2006. Proceedings},
  pages={133--142},
  year={2006},
  organization={IEEE}
},

@article{kaup1998reduction,
  title={Reduction of ringing noise in transform image coding using simple adaptive filter},
  author={Kaup, Andr{\'e}},
  journal={Electronics Letters},
  volume={34},
  number={22},
  pages={2110--2112},
  year={1998},
  publisher={IET}
},

@article{park1999postprocessing,
  title={A postprocessing method for reducing quantization effects in low bit-rate moving picture coding},
  author={Park, HyunWook and Lee, Yung Lyul},
  journal={Circuits and Systems for Video Technology, IEEE Transactions on},
  volume={9},
  number={1},
  pages={161--171},
  year={1999},
  publisher={IEEE}
},

@article{unser1993b:spline,
  title={B-spline signal processing. {I.} Theory},
  author={Unser, Michael and Aldroubi, Akram and Eden, Murray},
  journal={Signal Processing, IEEE Transactions on},
  volume={41},
  number={2},
  pages={821--833},
  year={1993},
  publisher={IEEE}
},
@article{unser1993b2:spline,
  title={B-spline signal processing. {II.} Efficiency design and applications},
  author={Unser, Michael and Aldroubi, Akram and Eden, Murray},
  journal={Signal Processing, IEEE Transactions on},
  volume={41},
  number={2},
  pages={834--848},
  year={1993},
  publisher={IEEE}
}

@article{wallace1992jpeg,
  title={The {JPEG} still picture compression standard},
  author={Wallace, Gregory K},
  journal={Consumer Electronics, IEEE Transactions on},
  volume={38},
  number={1},
  pages={xviii--xxxiv},
  year={1992},
  publisher={IEEE}
},

@article{wang2001designing:jpeg,
  title={Designing {JPEG} quantization tables based on human visual system},
  author={Wang, Ching-Yang and Lee, Shiuh-Ming and Chang, Long-Wen},
  journal={Signal Processing: Image Communication},
  volume={16},
  number={5},
  pages={501--506},
  year={2001},
  publisher={Elsevier}
},

@inproceedings{wu1993rate:jpeg,
  title={Rate-constrained picture-adaptive quantization for {JPEG} baseline coders},
  author={Wu, Siu-Wai and Gersho, Allen},
  booktitle={Acoustics, Speech, and Signal Processing, 1993. ICASSP-93., 1993 IEEE International Conference on},
  volume={5},
  pages={389--392},
  year={1993},
  organization={IEEE}
},

@article{huffman1952method,
  title={A method for the construction of minimum redundancy codes},
  author={Huffman, David A and others},
  journal={proc. IRE},
  volume={40},
  number={9},
  pages={1098--1101},
  year={1952}
},

@article{tropp2007signal,
  title={Signal recovery from random measurements via orthogonal matching pursuit},
  author={Tropp, Joel A and Gilbert, Anna C},
  journal={Information Theory, IEEE Transactions on},
  volume={53},
  number={12},
  pages={4655--4666},
  year={2007},
  publisher={IEEE}
},

@article{bryt2008compression,
  title={Compression of facial images using the {K-SVD} algorithm},
  author={Bryt, Ori and Elad, Michael},
  journal={Journal of Visual Communication and Image Representation},
  volume={19},
  number={4},
  pages={270--282},
  year={2008},
  publisher={Elsevier}
},

@article{baraniuk2007compressive,
  title={Compressive sensing},
  author={Baraniuk, Richard G},
  journal={IEEE signal processing magazine},
  volume={24},
  number={4},
  year={2007}
},
